<?xml version="1.0" encoding="UTF-8"?><collection xmlns="http://www.loc.gov/MARC21/slim"><record><leader>00379nam--2200145-i-4500</leader><controlfield tag="001">000010046</controlfield><controlfield tag="002">20161230</controlfield><controlfield tag="005">20170113144805</controlfield><controlfield tag="008">060222s1000------------r-----000-0-eng-d</controlfield><datafield ind1=" " ind2=" " tag="100"><subfield code="a">Ayres, J. A</subfield></datafield><datafield ind1=" " ind2=" " tag="245"><subfield code="a">Decontamination of nuclear reactors and equipment</subfield></datafield><datafield ind1=" " ind2=" " tag="260"><subfield code="a">New York</subfield><subfield code="b">The Ronald Press Comp</subfield><subfield code="c">1970</subfield></datafield><datafield ind1=" " ind2=" " tag="300"><subfield code="a">825 p</subfield></datafield><datafield ind1=" " ind2=" " tag="852"><subfield code="a">35527</subfield></datafield><datafield ind1=" " ind2=" " tag="CAT"><subfield code="a">SYS</subfield><subfield code="c">20170113</subfield><subfield code="h">144805</subfield></datafield></record></collection>